[gd_scene load_steps=7 format=3 uid="uid://btja7gdwvldyg"]

[ext_resource type="Script" path="res://Scripts/Game/menu.gd" id="1_bswbi"]
[ext_resource type="PackedScene" uid="uid://b3kfygq2vappc" path="res://Scenes/Game/bg.tscn" id="3_g3eii"]
[ext_resource type="Theme" uid="uid://ccqf6noch67nx" path="res://Assets/theme.tres" id="3_v4uqj"]
[ext_resource type="FontFile" uid="uid://c2tc2bhdy4s21" path="res://Assets/Fonts/BebasNeue-Regular.ttf" id="4_r4i6a"]

[sub_resource type="StyleBoxFlat" id="StyleBoxFlat_eeegc"]
bg_color = Color(0.463617, 0.839528, 0.925951, 1)

[sub_resource type="Theme" id="Theme_npy4m"]
Button/styles/hover = SubResource("StyleBoxFlat_eeegc")

[node name="Menu" type="Control"]
layout_mode = 3
anchors_preset = 15
anchor_right = 1.0
anchor_bottom = 1.0
offset_left = -1.0
offset_right = 1.0
offset_bottom = -129.0
grow_horizontal = 2
grow_vertical = 2
script = ExtResource("1_bswbi")

[node name="BG" parent="." instance=ExtResource("3_g3eii")]

[node name="VBoxContainer" type="VBoxContainer" parent="."]
layout_mode = 1
anchors_preset = 8
anchor_left = 0.5
anchor_top = 0.5
anchor_right = 0.5
anchor_bottom = 0.5
offset_left = -167.0
offset_top = 18.0
offset_right = 163.0
offset_bottom = 119.0
grow_horizontal = 2
grow_vertical = 2
theme = SubResource("Theme_npy4m")
theme_override_constants/separation = 50

[node name="Start" type="Button" parent="VBoxContainer"]
layout_mode = 2
size_flags_vertical = 3
theme = ExtResource("3_v4uqj")
theme_override_fonts/font = ExtResource("4_r4i6a")
theme_override_font_sizes/font_size = 50
text = "Start"

[node name="Quit" type="Button" parent="VBoxContainer"]
layout_mode = 2
size_flags_vertical = 3
theme = ExtResource("3_v4uqj")
theme_override_fonts/font = ExtResource("4_r4i6a")
theme_override_font_sizes/font_size = 50
text = "Quit"

[node name="Instructions" type="Button" parent="VBoxContainer"]
layout_mode = 2
size_flags_vertical = 3
theme = ExtResource("3_v4uqj")
theme_override_fonts/font = ExtResource("4_r4i6a")
theme_override_font_sizes/font_size = 50
text = "How to Play"

[connection signal="pressed" from="VBoxContainer/Start" to="." method="_on_start_pressed"]
[connection signal="pressed" from="VBoxContainer/Quit" to="." method="_on_quit_pressed"]
[connection signal="pressed" from="VBoxContainer/Instructions" to="." method="_on_instructions_pressed"]
